%YAML 1.1
%TAG !u! tag:unity3d.com,2011:
--- !u!29 &1
OcclusionCullingSettings:
  m_ObjectHideFlags: 0
  serializedVersion: 2
  m_OcclusionBakeSettings:
    smallestOccluder: 5
    smallestHole: 0.25
    backfaceThreshold: 100
  m_SceneGUID: 00000000000000000000000000000000
  m_OcclusionCullingData: {fileID: 0}
--- !u!104 &2
RenderSettings:
  m_ObjectHideFlags: 0
  serializedVersion: 9
  m_Fog: 1
  m_FogColor: {r: 0.6313726, g: 0.3803922, b: 0.22352943, a: 1}
  m_FogMode: 3
  m_FogDensity: 0.01
  m_LinearFogStart: 0
  m_LinearFogEnd: 300
  m_AmbientSkyColor: {r: 0.212, g: 0.227, b: 0.259, a: 1}
  m_AmbientEquatorColor: {r: 0.114, g: 0.125, b: 0.133, a: 1}
  m_AmbientGroundColor: {r: 0.047, g: 0.043, b: 0.035, a: 1}
  m_AmbientIntensity: 1
  m_AmbientMode: 0
  m_SubtractiveShadowColor: {r: 0.42, g: 0.478, b: 0.627, a: 1}
  m_SkyboxMaterial: {fileID: 10304, guid: 0000000000000000f000000000000000, type: 0}
  m_HaloStrength: 0.5
  m_FlareStrength: 1
  m_FlareFadeSpeed: 3
  m_HaloTexture: {fileID: 0}
  m_SpotCookie: {fileID: 10001, guid: 0000000000000000e000000000000000, type: 0}
  m_DefaultReflectionMode: 0
  m_DefaultReflectionResolution: 128
  m_ReflectionBounces: 1
  m_ReflectionIntensity: 1
  m_CustomReflection: {fileID: 0}
  m_Sun: {fileID: 705507994}
  m_IndirectSpecularColor: {r: 0.44657898, g: 0.4964133, b: 0.5748178, a: 1}
  m_UseRadianceAmbientProbe: 0
--- !u!157 &3
LightmapSettings:
  m_ObjectHideFlags: 0
  serializedVersion: 11
  m_GIWorkflowMode: 1
  m_GISettings:
    serializedVersion: 2
    m_BounceScale: 1
    m_IndirectOutputScale: 1
    m_AlbedoBoost: 1
    m_EnvironmentLightingMode: 0
    m_EnableBakedLightmaps: 1
    m_EnableRealtimeLightmaps: 0
  m_LightmapEditorSettings:
    serializedVersion: 12
    m_Resolution: 2
    m_BakeResolution: 40
    m_AtlasSize: 1024
    m_AO: 0
    m_AOMaxDistance: 1
    m_CompAOExponent: 1
    m_CompAOExponentDirect: 0
    m_ExtractAmbientOcclusion: 0
    m_Padding: 2
    m_LightmapParameters: {fileID: 0}
    m_LightmapsBakeMode: 1
    m_TextureCompression: 1
    m_FinalGather: 0
    m_FinalGatherFiltering: 1
    m_FinalGatherRayCount: 256
    m_ReflectionCompression: 2
    m_MixedBakeMode: 2
    m_BakeBackend: 1
    m_PVRSampling: 1
    m_PVRDirectSampleCount: 32
    m_PVRSampleCount: 500
    m_PVRBounces: 2
    m_PVREnvironmentSampleCount: 500
    m_PVREnvironmentReferencePointCount: 2048
    m_PVRFilteringMode: 2
    m_PVRDenoiserTypeDirect: 0
    m_PVRDenoiserTypeIndirect: 0
    m_PVRDenoiserTypeAO: 0
    m_PVRFilterTypeDirect: 0
    m_PVRFilterTypeIndirect: 0
    m_PVRFilterTypeAO: 0
    m_PVREnvironmentMIS: 0
    m_PVRCulling: 1
    m_PVRFilteringGaussRadiusDirect: 1
    m_PVRFilteringGaussRadiusIndirect: 5
    m_PVRFilteringGaussRadiusAO: 2
    m_PVRFilteringAtrousPositionSigmaDirect: 0.5
    m_PVRFilteringAtrousPositionSigmaIndirect: 2
    m_PVRFilteringAtrousPositionSigmaAO: 1
    m_ExportTrainingData: 0
    m_TrainingDataDestination: TrainingData
    m_LightProbeSampleCountMultiplier: 4
  m_LightingDataAsset: {fileID: 112000000, guid: e15212bc4ffc6974c9af9bb93b3821b5,
    type: 2}
  m_UseShadowmask: 1
--- !u!196 &4
NavMeshSettings:
  serializedVersion: 2
  m_ObjectHideFlags: 0
  m_BuildSettings:
    serializedVersion: 2
    agentTypeID: 0
    agentRadius: 0.5
    agentHeight: 2
    agentSlope: 45
    agentClimb: 0.4
    ledgeDropHeight: 0
    maxJumpAcrossDistance: 0
    minRegionArea: 2
    manualCellSize: 0
    cellSize: 0.16666667
    manualTileSize: 0
    tileSize: 256
    accuratePlacement: 0
    debug:
      m_Flags: 0
  m_NavMeshData: {fileID: 0}
--- !u!4 &141435817 stripped
Transform:
  m_CorrespondingSourceObject: {fileID: 1106863964246649872, guid: a2ca153d9d2b3924888d431b983e94b2,
    type: 3}
  m_PrefabInstance: {fileID: 1106863964118323129}
  m_PrefabAsset: {fileID: 0}
--- !u!1001 &329389204
PrefabInstance:
  m_ObjectHideFlags: 0
  serializedVersion: 2
  m_Modification:
    m_TransformParent: {fileID: 0}
    m_Modifications:
    - target: {fileID: 3769959100385430723, guid: 6b721e4972be05346ba1edb6aea77dbc,
        type: 3}
      propertyPath: m_LocalPosition.x
      value: -3.2
      objectReference: {fileID: 0}
    - target: {fileID: 3769959100385430723, guid: 6b721e4972be05346ba1edb6aea77dbc,
        type: 3}
      propertyPath: m_LocalPosition.y
      value: 0.5
      objectReference: {fileID: 0}
    - target: {fileID: 3769959100385430723, guid: 6b721e4972be05346ba1edb6aea77dbc,
        type: 3}
      propertyPath: m_LocalPosition.z
      value: 25.2
      objectReference: {fileID: 0}
    - target: {fileID: 3769959100385430723, guid: 6b721e4972be05346ba1edb6aea77dbc,
        type: 3}
      propertyPath: m_LocalRotation.x
      value: 0
      objectReference: {fileID: 0}
    - target: {fileID: 3769959100385430723, guid: 6b721e4972be05346ba1edb6aea77dbc,
        type: 3}
      propertyPath: m_LocalRotation.y
      value: 0
      objectReference: {fileID: 0}
    - target: {fileID: 3769959100385430723, guid: 6b721e4972be05346ba1edb6aea77dbc,
        type: 3}
      propertyPath: m_LocalRotation.z
      value: 0
      objectReference: {fileID: 0}
    - target: {fileID: 3769959100385430723, guid: 6b721e4972be05346ba1edb6aea77dbc,
        type: 3}
      propertyPath: m_LocalRotation.w
      value: 1
      objectReference: {fileID: 0}
    - target: {fileID: 3769959100385430723, guid: 6b721e4972be05346ba1edb6aea77dbc,
        type: 3}
      propertyPath: m_RootOrder
      value: 2
      objectReference: {fileID: 0}
    - target: {fileID: 3769959100385430723, guid: 6b721e4972be05346ba1edb6aea77dbc,
        type: 3}
      propertyPath: m_LocalEulerAnglesHint.x
      value: 0
      objectReference: {fileID: 0}
    - target: {fileID: 3769959100385430723, guid: 6b721e4972be05346ba1edb6aea77dbc,
        type: 3}
      propertyPath: m_LocalEulerAnglesHint.y
      value: 0
      objectReference: {fileID: 0}
    - target: {fileID: 3769959100385430723, guid: 6b721e4972be05346ba1edb6aea77dbc,
        type: 3}
      propertyPath: m_LocalEulerAnglesHint.z
      value: 0
      objectReference: {fileID: 0}
    - target: {fileID: 3769959100385430744, guid: 6b721e4972be05346ba1edb6aea77dbc,
        type: 3}
      propertyPath: m_Name
      value: Obstacle (1)
      objectReference: {fileID: 0}
    m_RemovedComponents: []
  m_SourcePrefab: {fileID: 100100000, guid: 6b721e4972be05346ba1edb6aea77dbc, type: 3}
--- !u!1 &383967864
GameObject:
  m_ObjectHideFlags: 0
  m_CorrespondingSourceObject: {fileID: 0}
  m_PrefabInstance: {fileID: 0}
  m_PrefabAsset: {fileID: 0}
  serializedVersion: 6
  m_Component:
  - component: {fileID: 383967868}
  - component: {fileID: 383967867}
  - component: {fileID: 383967866}
  - component: {fileID: 383967865}
  - component: {fileID: 383967869}
  m_Layer: 10
  m_Name: Ground
  m_TagString: Untagged
  m_Icon: {fileID: 0}
  m_NavMeshLayer: 0
  m_StaticEditorFlags: 0
  m_IsActive: 1
--- !u!65 &383967865
BoxCollider:
  m_ObjectHideFlags: 0
  m_CorrespondingSourceObject: {fileID: 0}
  m_PrefabInstance: {fileID: 0}
  m_PrefabAsset: {fileID: 0}
  m_GameObject: {fileID: 383967864}
  m_Material: {fileID: 13400000, guid: 1373bc2575f71b042ae3230b892523e9, type: 2}
  m_IsTrigger: 0
  m_Enabled: 1
  serializedVersion: 2
  m_Size: {x: 1, y: 1, z: 1}
  m_Center: {x: 0, y: 0, z: 0}
--- !u!23 &383967866
MeshRenderer:
  m_ObjectHideFlags: 0
  m_CorrespondingSourceObject: {fileID: 0}
  m_PrefabInstance: {fileID: 0}
  m_PrefabAsset: {fileID: 0}
  m_GameObject: {fileID: 383967864}
  m_Enabled: 1
  m_CastShadows: 1
  m_ReceiveShadows: 1
  m_DynamicOccludee: 1
  m_MotionVectors: 1
  m_LightProbeUsage: 1
  m_ReflectionProbeUsage: 1
  m_RayTracingMode: 2
  m_RenderingLayerMask: 1
  m_RendererPriority: 0
  m_Materials:
  - {fileID: 10303, guid: 0000000000000000f000000000000000, type: 0}
  m_StaticBatchInfo:
    firstSubMesh: 0
    subMeshCount: 0
  m_StaticBatchRoot: {fileID: 0}
  m_ProbeAnchor: {fileID: 0}
  m_LightProbeVolumeOverride: {fileID: 0}
  m_ScaleInLightmap: 1
  m_ReceiveGI: 1
  m_PreserveUVs: 0
  m_IgnoreNormalsForChartDetection: 0
  m_ImportantGI: 0
  m_StitchLightmapSeams: 1
  m_SelectedEditorRenderState: 3
  m_MinimumChartSize: 4
  m_AutoUVMaxDistance: 0.5
  m_AutoUVMaxAngle: 89
  m_LightmapParameters: {fileID: 0}
  m_SortingLayerID: 0
  m_SortingLayer: 0
  m_SortingOrder: 0
--- !u!33 &383967867
MeshFilter:
  m_ObjectHideFlags: 0
  m_CorrespondingSourceObject: {fileID: 0}
  m_PrefabInstance: {fileID: 0}
  m_PrefabAsset: {fileID: 0}
  m_GameObject: {fileID: 383967864}
  m_Mesh: {fileID: 10202, guid: 0000000000000000e000000000000000, type: 0}
--- !u!4 &383967868
Transform:
  m_ObjectHideFlags: 0
  m_CorrespondingSourceObject: {fileID: 0}
  m_PrefabInstance: {fileID: 0}
  m_PrefabAsset: {fileID: 0}
  m_GameObject: {fileID: 383967864}
  m_LocalRotation: {x: 0, y: 0, z: 0, w: 1}
  m_LocalPosition: {x: 0, y: -1.25, z: 4986}
  m_LocalScale: {x: 15, y: 0.5, z: 10000}
  m_Children: []
  m_Father: {fileID: 0}
  m_RootOrder: 3
  m_LocalEulerAnglesHint: {x: 0, y: 0, z: 0}
--- !u!114 &383967869
MonoBehaviour:
  m_ObjectHideFlags: 0
  m_CorrespondingSourceObject: {fileID: 0}
  m_PrefabInstance: {fileID: 0}
  m_PrefabAsset: {fileID: 0}
  m_GameObject: {fileID: 383967864}
  m_Enabled: 1
  m_EditorHideFlags: 0
  m_Script: {fileID: 11500000, guid: 75df8a3ebee74e940b063d4c47785703, type: 3}
  m_Name: 
  m_EditorClassIdentifier: 
  restartDelay: 1
  completeLevelUI: {fileID: 0}
--- !u!1001 &569195767
PrefabInstance:
  m_ObjectHideFlags: 0
  serializedVersion: 2
  m_Modification:
    m_TransformParent: {fileID: 0}
    m_Modifications:
    - target: {fileID: 3769959100385430723, guid: 6b721e4972be05346ba1edb6aea77dbc,
        type: 3}
      propertyPath: m_LocalPosition.x
      value: 4.8
      objectReference: {fileID: 0}
    - target: {fileID: 3769959100385430723, guid: 6b721e4972be05346ba1edb6aea77dbc,
        type: 3}
      propertyPath: m_LocalPosition.y
      value: 0.5
      objectReference: {fileID: 0}
    - target: {fileID: 3769959100385430723, guid: 6b721e4972be05346ba1edb6aea77dbc,
        type: 3}
      propertyPath: m_LocalPosition.z
      value: 46.4
      objectReference: {fileID: 0}
    - target: {fileID: 3769959100385430723, guid: 6b721e4972be05346ba1edb6aea77dbc,
        type: 3}
      propertyPath: m_LocalRotation.x
      value: 0
      objectReference: {fileID: 0}
    - target: {fileID: 3769959100385430723, guid: 6b721e4972be05346ba1edb6aea77dbc,
        type: 3}
      propertyPath: m_LocalRotation.y
      value: 0
      objectReference: {fileID: 0}
    - target: {fileID: 3769959100385430723, guid: 6b721e4972be05346ba1edb6aea77dbc,
        type: 3}
      propertyPath: m_LocalRotation.z
      value: 0
      objectReference: {fileID: 0}
    - target: {fileID: 3769959100385430723, guid: 6b721e4972be05346ba1edb6aea77dbc,
        type: 3}
      propertyPath: m_LocalRotation.w
      value: 1
      objectReference: {fileID: 0}
    - target: {fileID: 3769959100385430723, guid: 6b721e4972be05346ba1edb6aea77dbc,
        type: 3}
      propertyPath: m_RootOrder
      value: 9
      objectReference: {fileID: 0}
    - target: {fileID: 3769959100385430723, guid: 6b721e4972be05346ba1edb6aea77dbc,
        type: 3}
      propertyPath: m_LocalEulerAnglesHint.x
      value: 0
      objectReference: {fileID: 0}
    - target: {fileID: 3769959100385430723, guid: 6b721e4972be05346ba1edb6aea77dbc,
        type: 3}
      propertyPath: m_LocalEulerAnglesHint.y
      value: 0
      objectReference: {fileID: 0}
    - target: {fileID: 3769959100385430723, guid: 6b721e4972be05346ba1edb6aea77dbc,
        type: 3}
      propertyPath: m_LocalEulerAnglesHint.z
      value: 0
      objectReference: {fileID: 0}
    - target: {fileID: 3769959100385430744, guid: 6b721e4972be05346ba1edb6aea77dbc,
        type: 3}
      propertyPath: m_Name
      value: Obstacle (6)
      objectReference: {fileID: 0}
    m_RemovedComponents: []
  m_SourcePrefab: {fileID: 100100000, guid: 6b721e4972be05346ba1edb6aea77dbc, type: 3}
--- !u!1001 &678653183
PrefabInstance:
  m_ObjectHideFlags: 0
  serializedVersion: 2
  m_Modification:
    m_TransformParent: {fileID: 0}
    m_Modifications:
    - target: {fileID: 3769959100385430723, guid: 6b721e4972be05346ba1edb6aea77dbc,
        type: 3}
      propertyPath: m_LocalPosition.x
      value: 4.8
      objectReference: {fileID: 0}
    - target: {fileID: 3769959100385430723, guid: 6b721e4972be05346ba1edb6aea77dbc,
        type: 3}
      propertyPath: m_LocalPosition.y
      value: 0.5
      objectReference: {fileID: 0}
    - target: {fileID: 3769959100385430723, guid: 6b721e4972be05346ba1edb6aea77dbc,
        type: 3}
      propertyPath: m_LocalPosition.z
      value: 13.4
      objectReference: {fileID: 0}
    - target: {fileID: 3769959100385430723, guid: 6b721e4972be05346ba1edb6aea77dbc,
        type: 3}
      propertyPath: m_LocalRotation.x
      value: 0
      objectReference: {fileID: 0}
    - target: {fileID: 3769959100385430723, guid: 6b721e4972be05346ba1edb6aea77dbc,
        type: 3}
      propertyPath: m_LocalRotation.y
      value: 0
      objectReference: {fileID: 0}
    - target: {fileID: 3769959100385430723, guid: 6b721e4972be05346ba1edb6aea77dbc,
        type: 3}
      propertyPath: m_LocalRotation.z
      value: 0
      objectReference: {fileID: 0}
    - target: {fileID: 3769959100385430723, guid: 6b721e4972be05346ba1edb6aea77dbc,
        type: 3}
      propertyPath: m_LocalRotation.w
      value: 1
      objectReference: {fileID: 0}
    - target: {fileID: 3769959100385430723, guid: 6b721e4972be05346ba1edb6aea77dbc,
        type: 3}
      propertyPath: m_RootOrder
      value: 6
      objectReference: {fileID: 0}
    - target: {fileID: 3769959100385430723, guid: 6b721e4972be05346ba1edb6aea77dbc,
        type: 3}
      propertyPath: m_LocalEulerAnglesHint.x
      value: 0
      objectReference: {fileID: 0}
    - target: {fileID: 3769959100385430723, guid: 6b721e4972be05346ba1edb6aea77dbc,
        type: 3}
      propertyPath: m_LocalEulerAnglesHint.y
      value: 0
      objectReference: {fileID: 0}
    - target: {fileID: 3769959100385430723, guid: 6b721e4972be05346ba1edb6aea77dbc,
        type: 3}
      propertyPath: m_LocalEulerAnglesHint.z
      value: 0
      objectReference: {fileID: 0}
    - target: {fileID: 3769959100385430744, guid: 6b721e4972be05346ba1edb6aea77dbc,
        type: 3}
      propertyPath: m_Name
      value: Obstacle (2)
      objectReference: {fileID: 0}
    m_RemovedComponents: []
  m_SourcePrefab: {fileID: 100100000, guid: 6b721e4972be05346ba1edb6aea77dbc, type: 3}
--- !u!1 &705507993
GameObject:
  m_ObjectHideFlags: 0
  m_CorrespondingSourceObject: {fileID: 0}
  m_PrefabInstance: {fileID: 0}
  m_PrefabAsset: {fileID: 0}
  serializedVersion: 6
  m_Component:
  - component: {fileID: 705507995}
  - component: {fileID: 705507994}
  - component: {fileID: 705507996}
  - component: {fileID: 705507997}
  m_Layer: 0
  m_Name: Directional Light
  m_TagString: Untagged
  m_Icon: {fileID: 0}
  m_NavMeshLayer: 0
  m_StaticEditorFlags: 0
  m_IsActive: 1
--- !u!108 &705507994
Light:
  m_ObjectHideFlags: 0
  m_CorrespondingSourceObject: {fileID: 0}
  m_PrefabInstance: {fileID: 0}
  m_PrefabAsset: {fileID: 0}
  m_GameObject: {fileID: 705507993}
  m_Enabled: 1
  serializedVersion: 10
  m_Type: 1
  m_Shape: 0
  m_Color: {r: 1, g: 0.95686275, b: 0.8392157, a: 1}
  m_Intensity: 1
  m_Range: 10
  m_SpotAngle: 30
  m_InnerSpotAngle: 21.80208
  m_CookieSize: 10
  m_Shadows:
    m_Type: 2
    m_Resolution: -1
    m_CustomResolution: -1
    m_Strength: 1
    m_Bias: 0.05
    m_NormalBias: 0.4
    m_NearPlane: 0.2
    m_CullingMatrixOverride:
      e00: 1
      e01: 0
      e02: 0
      e03: 0
      e10: 0
      e11: 1
      e12: 0
      e13: 0
      e20: 0
      e21: 0
      e22: 1
      e23: 0
      e30: 0
      e31: 0
      e32: 0
      e33: 1
    m_UseCullingMatrixOverride: 0
  m_Cookie: {fileID: 0}
  m_DrawHalo: 0
  m_Flare: {fileID: 0}
  m_RenderMode: 0
  m_CullingMask:
    serializedVersion: 2
    m_Bits: 4294967295
  m_RenderingLayerMask: 1
  m_Lightmapping: 1
  m_LightShadowCasterMode: 0
  m_AreaSize: {x: 1, y: 1}
  m_BounceIntensity: 1
  m_ColorTemperature: 6570
  m_UseColorTemperature: 0
  m_BoundingSphereOverride: {x: 0, y: 0, z: 0, w: 0}
  m_UseBoundingSphereOverride: 0
  m_ShadowRadius: 0
  m_ShadowAngle: 0
--- !u!4 &705507995
Transform:
  m_ObjectHideFlags: 0
  m_CorrespondingSourceObject: {fileID: 0}
  m_PrefabInstance: {fileID: 0}
  m_PrefabAsset: {fileID: 0}
  m_GameObject: {fileID: 705507993}
  m_LocalRotation: {x: 0.40821788, y: -0.23456968, z: 0.10938163, w: 0.8754261}
  m_LocalPosition: {x: 0, y: 3, z: 0}
  m_LocalScale: {x: 1, y: 1, z: 1}
  m_Children: []
  m_Father: {fileID: 0}
  m_RootOrder: 1
  m_LocalEulerAnglesHint: {x: 50, y: -30, z: 0}
--- !u!114 &705507996
MonoBehaviour:
  m_ObjectHideFlags: 0
  m_CorrespondingSourceObject: {fileID: 0}
  m_PrefabInstance: {fileID: 0}
  m_PrefabAsset: {fileID: 0}
  m_GameObject: {fileID: 705507993}
  m_Enabled: 1
  m_EditorHideFlags: 0
  m_Script: {fileID: 11500000, guid: edcc12ffb8e58104ebb6f7db7cb56e6e, type: 3}
  m_Name: 
  m_EditorClassIdentifier: 
--- !u!114 &705507997
MonoBehaviour:
  m_ObjectHideFlags: 0
  m_CorrespondingSourceObject: {fileID: 0}
  m_PrefabInstance: {fileID: 0}
  m_PrefabAsset: {fileID: 0}
  m_GameObject: {fileID: 705507993}
  m_Enabled: 1
  m_EditorHideFlags: 0
  m_Script: {fileID: 11500000, guid: 75df8a3ebee74e940b063d4c47785703, type: 3}
  m_Name: 
  m_EditorClassIdentifier: 
  restartDelay: 1
  completeLevelUI: {fileID: 0}
--- !u!1001 &731301284
PrefabInstance:
  m_ObjectHideFlags: 0
  serializedVersion: 2
  m_Modification:
    m_TransformParent: {fileID: 0}
    m_Modifications:
    - target: {fileID: 3769959100385430723, guid: 6b721e4972be05346ba1edb6aea77dbc,
        type: 3}
      propertyPath: m_LocalPosition.x
      value: 4.8
      objectReference: {fileID: 0}
    - target: {fileID: 3769959100385430723, guid: 6b721e4972be05346ba1edb6aea77dbc,
        type: 3}
      propertyPath: m_LocalPosition.y
      value: 0.5
      objectReference: {fileID: 0}
    - target: {fileID: 3769959100385430723, guid: 6b721e4972be05346ba1edb6aea77dbc,
        type: 3}
      propertyPath: m_LocalPosition.z
      value: 28.6
      objectReference: {fileID: 0}
    - target: {fileID: 3769959100385430723, guid: 6b721e4972be05346ba1edb6aea77dbc,
        type: 3}
      propertyPath: m_LocalRotation.x
      value: 0
      objectReference: {fileID: 0}
    - target: {fileID: 3769959100385430723, guid: 6b721e4972be05346ba1edb6aea77dbc,
        type: 3}
      propertyPath: m_LocalRotation.y
      value: 0
      objectReference: {fileID: 0}
    - target: {fileID: 3769959100385430723, guid: 6b721e4972be05346ba1edb6aea77dbc,
        type: 3}
      propertyPath: m_LocalRotation.z
      value: 0
      objectReference: {fileID: 0}
    - target: {fileID: 3769959100385430723, guid: 6b721e4972be05346ba1edb6aea77dbc,
        type: 3}
      propertyPath: m_LocalRotation.w
      value: 1
      objectReference: {fileID: 0}
    - target: {fileID: 3769959100385430723, guid: 6b721e4972be05346ba1edb6aea77dbc,
        type: 3}
      propertyPath: m_RootOrder
      value: 8
      objectReference: {fileID: 0}
    - target: {fileID: 3769959100385430723, guid: 6b721e4972be05346ba1edb6aea77dbc,
        type: 3}
      propertyPath: m_LocalEulerAnglesHint.x
      value: 0
      objectReference: {fileID: 0}
    - target: {fileID: 3769959100385430723, guid: 6b721e4972be05346ba1edb6aea77dbc,
        type: 3}
      propertyPath: m_LocalEulerAnglesHint.y
      value: 0
      objectReference: {fileID: 0}
    - target: {fileID: 3769959100385430723, guid: 6b721e4972be05346ba1edb6aea77dbc,
        type: 3}
      propertyPath: m_LocalEulerAnglesHint.z
      value: 0
      objectReference: {fileID: 0}
    - target: {fileID: 3769959100385430744, guid: 6b721e4972be05346ba1edb6aea77dbc,
        type: 3}
      propertyPath: m_Name
      value: Obstacle (4)
      objectReference: {fileID: 0}
    m_RemovedComponents: []
  m_SourcePrefab: {fileID: 100100000, guid: 6b721e4972be05346ba1edb6aea77dbc, type: 3}
--- !u!1001 &887381145
PrefabInstance:
  m_ObjectHideFlags: 0
  serializedVersion: 2
  m_Modification:
    m_TransformParent: {fileID: 0}
    m_Modifications:
    - target: {fileID: 3769959100385430723, guid: 6b721e4972be05346ba1edb6aea77dbc,
        type: 3}
      propertyPath: m_LocalPosition.x
      value: -3.2
      objectReference: {fileID: 0}
    - target: {fileID: 3769959100385430723, guid: 6b721e4972be05346ba1edb6aea77dbc,
        type: 3}
      propertyPath: m_LocalPosition.y
      value: 0.5
      objectReference: {fileID: 0}
    - target: {fileID: 3769959100385430723, guid: 6b721e4972be05346ba1edb6aea77dbc,
        type: 3}
      propertyPath: m_LocalPosition.z
      value: 40.4
      objectReference: {fileID: 0}
    - target: {fileID: 3769959100385430723, guid: 6b721e4972be05346ba1edb6aea77dbc,
        type: 3}
      propertyPath: m_LocalRotation.x
      value: 0
      objectReference: {fileID: 0}
    - target: {fileID: 3769959100385430723, guid: 6b721e4972be05346ba1edb6aea77dbc,
        type: 3}
      propertyPath: m_LocalRotation.y
      value: 0
      objectReference: {fileID: 0}
    - target: {fileID: 3769959100385430723, guid: 6b721e4972be05346ba1edb6aea77dbc,
        type: 3}
      propertyPath: m_LocalRotation.z
      value: 0
      objectReference: {fileID: 0}
    - target: {fileID: 3769959100385430723, guid: 6b721e4972be05346ba1edb6aea77dbc,
        type: 3}
      propertyPath: m_LocalRotation.w
      value: 1
      objectReference: {fileID: 0}
    - target: {fileID: 3769959100385430723, guid: 6b721e4972be05346ba1edb6aea77dbc,
        type: 3}
      propertyPath: m_RootOrder
      value: 7
      objectReference: {fileID: 0}
    - target: {fileID: 3769959100385430723, guid: 6b721e4972be05346ba1edb6aea77dbc,
        type: 3}
      propertyPath: m_LocalEulerAnglesHint.x
      value: 0
      objectReference: {fileID: 0}
    - target: {fileID: 3769959100385430723, guid: 6b721e4972be05346ba1edb6aea77dbc,
        type: 3}
      propertyPath: m_LocalEulerAnglesHint.y
      value: 0
      objectReference: {fileID: 0}
    - target: {fileID: 3769959100385430723, guid: 6b721e4972be05346ba1edb6aea77dbc,
        type: 3}
      propertyPath: m_LocalEulerAnglesHint.z
      value: 0
      objectReference: {fileID: 0}
    - target: {fileID: 3769959100385430744, guid: 6b721e4972be05346ba1edb6aea77dbc,
        type: 3}
      propertyPath: m_Name
      value: Obstacle (3)
      objectReference: {fileID: 0}
    m_RemovedComponents: []
  m_SourcePrefab: {fileID: 100100000, guid: 6b721e4972be05346ba1edb6aea77dbc, type: 3}
--- !u!1001 &936207943
PrefabInstance:
  m_ObjectHideFlags: 0
  serializedVersion: 2
  m_Modification:
    m_TransformParent: {fileID: 0}
    m_Modifications:
    - target: {fileID: 3769959100385430723, guid: 6b721e4972be05346ba1edb6aea77dbc,
        type: 3}
      propertyPath: m_LocalPosition.x
      value: 0.8000002
      objectReference: {fileID: 0}
    - target: {fileID: 3769959100385430723, guid: 6b721e4972be05346ba1edb6aea77dbc,
        type: 3}
      propertyPath: m_LocalPosition.y
      value: 0.5
      objectReference: {fileID: 0}
    - target: {fileID: 3769959100385430723, guid: 6b721e4972be05346ba1edb6aea77dbc,
        type: 3}
      propertyPath: m_LocalPosition.z
      value: 108.5
      objectReference: {fileID: 0}
    - target: {fileID: 3769959100385430723, guid: 6b721e4972be05346ba1edb6aea77dbc,
        type: 3}
      propertyPath: m_LocalRotation.x
      value: 0
      objectReference: {fileID: 0}
    - target: {fileID: 3769959100385430723, guid: 6b721e4972be05346ba1edb6aea77dbc,
        type: 3}
      propertyPath: m_LocalRotation.y
      value: 0
      objectReference: {fileID: 0}
    - target: {fileID: 3769959100385430723, guid: 6b721e4972be05346ba1edb6aea77dbc,
        type: 3}
      propertyPath: m_LocalRotation.z
      value: 0
      objectReference: {fileID: 0}
    - target: {fileID: 3769959100385430723, guid: 6b721e4972be05346ba1edb6aea77dbc,
        type: 3}
      propertyPath: m_LocalRotation.w
      value: 1
      objectReference: {fileID: 0}
    - target: {fileID: 3769959100385430723, guid: 6b721e4972be05346ba1edb6aea77dbc,
        type: 3}
      propertyPath: m_RootOrder
      value: 13
      objectReference: {fileID: 0}
    - target: {fileID: 3769959100385430723, guid: 6b721e4972be05346ba1edb6aea77dbc,
        type: 3}
      propertyPath: m_LocalEulerAnglesHint.x
      value: 0
      objectReference: {fileID: 0}
    - target: {fileID: 3769959100385430723, guid: 6b721e4972be05346ba1edb6aea77dbc,
        type: 3}
      propertyPath: m_LocalEulerAnglesHint.y
      value: 0
      objectReference: {fileID: 0}
    - target: {fileID: 3769959100385430723, guid: 6b721e4972be05346ba1edb6aea77dbc,
        type: 3}
      propertyPath: m_LocalEulerAnglesHint.z
      value: 0
      objectReference: {fileID: 0}
    - target: {fileID: 3769959100385430744, guid: 6b721e4972be05346ba1edb6aea77dbc,
        type: 3}
      propertyPath: m_Name
      value: Obstacle (9)
      objectReference: {fileID: 0}
    m_RemovedComponents: []
  m_SourcePrefab: {fileID: 100100000, guid: 6b721e4972be05346ba1edb6aea77dbc, type: 3}
--- !u!1001 &1143451739
PrefabInstance:
  m_ObjectHideFlags: 0
  serializedVersion: 2
  m_Modification:
    m_TransformParent: {fileID: 0}
    m_Modifications:
    - target: {fileID: 3769959100385430723, guid: 6b721e4972be05346ba1edb6aea77dbc,
        type: 3}
      propertyPath: m_LocalPosition.x
      value: 0.8
      objectReference: {fileID: 0}
    - target: {fileID: 3769959100385430723, guid: 6b721e4972be05346ba1edb6aea77dbc,
        type: 3}
      propertyPath: m_LocalPosition.y
      value: 0.5
      objectReference: {fileID: 0}
    - target: {fileID: 3769959100385430723, guid: 6b721e4972be05346ba1edb6aea77dbc,
        type: 3}
      propertyPath: m_LocalPosition.z
      value: 75.5
      objectReference: {fileID: 0}
    - target: {fileID: 3769959100385430723, guid: 6b721e4972be05346ba1edb6aea77dbc,
        type: 3}
      propertyPath: m_LocalRotation.x
      value: 0
      objectReference: {fileID: 0}
    - target: {fileID: 3769959100385430723, guid: 6b721e4972be05346ba1edb6aea77dbc,
        type: 3}
      propertyPath: m_LocalRotation.y
      value: 0
      objectReference: {fileID: 0}
    - target: {fileID: 3769959100385430723, guid: 6b721e4972be05346ba1edb6aea77dbc,
        type: 3}
      propertyPath: m_LocalRotation.z
      value: 0
      objectReference: {fileID: 0}
    - target: {fileID: 3769959100385430723, guid: 6b721e4972be05346ba1edb6aea77dbc,
        type: 3}
      propertyPath: m_LocalRotation.w
      value: 1
      objectReference: {fileID: 0}
    - target: {fileID: 3769959100385430723, guid: 6b721e4972be05346ba1edb6aea77dbc,
        type: 3}
      propertyPath: m_RootOrder
      value: 11
      objectReference: {fileID: 0}
    - target: {fileID: 3769959100385430723, guid: 6b721e4972be05346ba1edb6aea77dbc,
        type: 3}
      propertyPath: m_LocalEulerAnglesHint.x
      value: 0
      objectReference: {fileID: 0}
    - target: {fileID: 3769959100385430723, guid: 6b721e4972be05346ba1edb6aea77dbc,
        type: 3}
      propertyPath: m_LocalEulerAnglesHint.y
      value: 0
      objectReference: {fileID: 0}
    - target: {fileID: 3769959100385430723, guid: 6b721e4972be05346ba1edb6aea77dbc,
        type: 3}
      propertyPath: m_LocalEulerAnglesHint.z
      value: 0
      objectReference: {fileID: 0}
    - target: {fileID: 3769959100385430744, guid: 6b721e4972be05346ba1edb6aea77dbc,
        type: 3}
      propertyPath: m_Name
      value: Obstacle (7)
      objectReference: {fileID: 0}
    m_RemovedComponents: []
  m_SourcePrefab: {fileID: 100100000, guid: 6b721e4972be05346ba1edb6aea77dbc, type: 3}
--- !u!1001 &1621090817
PrefabInstance:
  m_ObjectHideFlags: 0
  serializedVersion: 2
  m_Modification:
    m_TransformParent: {fileID: 0}
    m_Modifications:
    - target: {fileID: 3769959100385430723, guid: 6b721e4972be05346ba1edb6aea77dbc,
        type: 3}
      propertyPath: m_LocalPosition.x
      value: -3.2
      objectReference: {fileID: 0}
    - target: {fileID: 3769959100385430723, guid: 6b721e4972be05346ba1edb6aea77dbc,
        type: 3}
      propertyPath: m_LocalPosition.y
      value: 0.5
      objectReference: {fileID: 0}
    - target: {fileID: 3769959100385430723, guid: 6b721e4972be05346ba1edb6aea77dbc,
        type: 3}
      propertyPath: m_LocalPosition.z
      value: 58.2
      objectReference: {fileID: 0}
    - target: {fileID: 3769959100385430723, guid: 6b721e4972be05346ba1edb6aea77dbc,
        type: 3}
      propertyPath: m_LocalRotation.x
      value: 0
      objectReference: {fileID: 0}
    - target: {fileID: 3769959100385430723, guid: 6b721e4972be05346ba1edb6aea77dbc,
        type: 3}
      propertyPath: m_LocalRotation.y
      value: 0
      objectReference: {fileID: 0}
    - target: {fileID: 3769959100385430723, guid: 6b721e4972be05346ba1edb6aea77dbc,
        type: 3}
      propertyPath: m_LocalRotation.z
      value: 0
      objectReference: {fileID: 0}
    - target: {fileID: 3769959100385430723, guid: 6b721e4972be05346ba1edb6aea77dbc,
        type: 3}
      propertyPath: m_LocalRotation.w
      value: 1
      objectReference: {fileID: 0}
    - target: {fileID: 3769959100385430723, guid: 6b721e4972be05346ba1edb6aea77dbc,
        type: 3}
      propertyPath: m_RootOrder
      value: 10
      objectReference: {fileID: 0}
    - target: {fileID: 3769959100385430723, guid: 6b721e4972be05346ba1edb6aea77dbc,
        type: 3}
      propertyPath: m_LocalEulerAnglesHint.x
      value: 0
      objectReference: {fileID: 0}
    - target: {fileID: 3769959100385430723, guid: 6b721e4972be05346ba1edb6aea77dbc,
        type: 3}
      propertyPath: m_LocalEulerAnglesHint.y
      value: 0
      objectReference: {fileID: 0}
    - target: {fileID: 3769959100385430723, guid: 6b721e4972be05346ba1edb6aea77dbc,
        type: 3}
      propertyPath: m_LocalEulerAnglesHint.z
      value: 0
      objectReference: {fileID: 0}
    - target: {fileID: 3769959100385430744, guid: 6b721e4972be05346ba1edb6aea77dbc,
        type: 3}
      propertyPath: m_Name
      value: Obstacle (5)
      objectReference: {fileID: 0}
    m_RemovedComponents: []
  m_SourcePrefab: {fileID: 100100000, guid: 6b721e4972be05346ba1edb6aea77dbc, type: 3}
--- !u!1 &1621629491
GameObject:
  m_ObjectHideFlags: 0
  m_CorrespondingSourceObject: {fileID: 0}
  m_PrefabInstance: {fileID: 0}
  m_PrefabAsset: {fileID: 0}
  serializedVersion: 6
  m_Component:
  - component: {fileID: 1621629494}
  - component: {fileID: 1621629493}
  - component: {fileID: 1621629492}
  m_Layer: 0
  m_Name: EventSystem
  m_TagString: Untagged
  m_Icon: {fileID: 0}
  m_NavMeshLayer: 0
  m_StaticEditorFlags: 0
  m_IsActive: 1
--- !u!114 &1621629492
MonoBehaviour:
  m_ObjectHideFlags: 0
  m_CorrespondingSourceObject: {fileID: 0}
  m_PrefabInstance: {fileID: 0}
  m_PrefabAsset: {fileID: 0}
  m_GameObject: {fileID: 1621629491}
  m_Enabled: 1
  m_EditorHideFlags: 0
  m_Script: {fileID: 11500000, guid: 4f231c4fb786f3946a6b90b886c48677, type: 3}
  m_Name: 
  m_EditorClassIdentifier: 
  m_HorizontalAxis: Horizontal
  m_VerticalAxis: Vertical
  m_SubmitButton: Submit
  m_CancelButton: Cancel
  m_InputActionsPerSecond: 10
  m_RepeatDelay: 0.5
  m_ForceModuleActive: 0
--- !u!114 &1621629493
MonoBehaviour:
  m_ObjectHideFlags: 0
  m_CorrespondingSourceObject: {fileID: 0}
  m_PrefabInstance: {fileID: 0}
  m_PrefabAsset: {fileID: 0}
  m_GameObject: {fileID: 1621629491}
  m_Enabled: 1
  m_EditorHideFlags: 0
  m_Script: {fileID: 11500000, guid: 76c392e42b5098c458856cdf6ecaaaa1, type: 3}
  m_Name: 
  m_EditorClassIdentifier: 
  m_FirstSelected: {fileID: 0}
  m_sendNavigationEvents: 1
  m_DragThreshold: 10
--- !u!4 &1621629494
Transform:
  m_ObjectHideFlags: 0
  m_CorrespondingSourceObject: {fileID: 0}
  m_PrefabInstance: {fileID: 0}
  m_PrefabAsset: {fileID: 0}
  m_GameObject: {fileID: 1621629491}
  m_LocalRotation: {x: 0, y: 0, z: 0, w: 1}
  m_LocalPosition: {x: 0, y: 0, z: 0}
  m_LocalScale: {x: 1, y: 1, z: 1}
  m_Children: []
  m_Father: {fileID: 0}
  m_RootOrder: 15
  m_LocalEulerAnglesHint: {x: 0, y: 0, z: 0}
--- !u!114 &1797044685 stripped
MonoBehaviour:
  m_CorrespondingSourceObject: {fileID: 4740794118826189656, guid: d1d732124f98a5d4fadd65c3c8b49590,
    type: 3}
  m_PrefabInstance: {fileID: 4740794120320703125}
  m_PrefabAsset: {fileID: 0}
  m_GameObject: {fileID: 0}
  m_Enabled: 1
  m_EditorHideFlags: 0
  m_Script: {fileID: 11500000, guid: 75df8a3ebee74e940b063d4c47785703, type: 3}
  m_Name: 
  m_EditorClassIdentifier: 
--- !u!1001 &1975341083
PrefabInstance:
  m_ObjectHideFlags: 0
  serializedVersion: 2
  m_Modification:
    m_TransformParent: {fileID: 0}
    m_Modifications:
    - target: {fileID: 3769959100385430723, guid: 6b721e4972be05346ba1edb6aea77dbc,
        type: 3}
      propertyPath: m_LocalPosition.x
      value: 0.8000002
      objectReference: {fileID: 0}
    - target: {fileID: 3769959100385430723, guid: 6b721e4972be05346ba1edb6aea77dbc,
        type: 3}
      propertyPath: m_LocalPosition.y
      value: 0.5
      objectReference: {fileID: 0}
    - target: {fileID: 3769959100385430723, guid: 6b721e4972be05346ba1edb6aea77dbc,
        type: 3}
      propertyPath: m_LocalPosition.z
      value: 90.7
      objectReference: {fileID: 0}
    - target: {fileID: 3769959100385430723, guid: 6b721e4972be05346ba1edb6aea77dbc,
        type: 3}
      propertyPath: m_LocalRotation.x
      value: 0
      objectReference: {fileID: 0}
    - target: {fileID: 3769959100385430723, guid: 6b721e4972be05346ba1edb6aea77dbc,
        type: 3}
      propertyPath: m_LocalRotation.y
      value: 0
      objectReference: {fileID: 0}
    - target: {fileID: 3769959100385430723, guid: 6b721e4972be05346ba1edb6aea77dbc,
        type: 3}
      propertyPath: m_LocalRotation.z
      value: 0
      objectReference: {fileID: 0}
    - target: {fileID: 3769959100385430723, guid: 6b721e4972be05346ba1edb6aea77dbc,
        type: 3}
      propertyPath: m_LocalRotation.w
      value: 1
      objectReference: {fileID: 0}
    - target: {fileID: 3769959100385430723, guid: 6b721e4972be05346ba1edb6aea77dbc,
        type: 3}
      propertyPath: m_RootOrder
      value: 12
      objectReference: {fileID: 0}
    - target: {fileID: 3769959100385430723, guid: 6b721e4972be05346ba1edb6aea77dbc,
        type: 3}
      propertyPath: m_LocalEulerAnglesHint.x
      value: 0
      objectReference: {fileID: 0}
    - target: {fileID: 3769959100385430723, guid: 6b721e4972be05346ba1edb6aea77dbc,
        type: 3}
      propertyPath: m_LocalEulerAnglesHint.y
      value: 0
      objectReference: {fileID: 0}
    - target: {fileID: 3769959100385430723, guid: 6b721e4972be05346ba1edb6aea77dbc,
        type: 3}
      propertyPath: m_LocalEulerAnglesHint.z
      value: 0
      objectReference: {fileID: 0}
    - target: {fileID: 3769959100385430744, guid: 6b721e4972be05346ba1edb6aea77dbc,
        type: 3}
      propertyPath: m_Name
      value: Obstacle (8)
      objectReference: {fileID: 0}
    m_RemovedComponents: []
  m_SourcePrefab: {fileID: 100100000, guid: 6b721e4972be05346ba1edb6aea77dbc, type: 3}
--- !u!1 &1989274063 stripped
GameObject:
  m_CorrespondingSourceObject: {fileID: 3789919244680759943, guid: 2cca95334abcc9a4ebd401e069cdd02b,
    type: 3}
  m_PrefabInstance: {fileID: 3789919245510173512}
  m_PrefabAsset: {fileID: 0}
--- !u!1001 &1106863964118323129
PrefabInstance:
  m_ObjectHideFlags: 0
  serializedVersion: 2
  m_Modification:
    m_TransformParent: {fileID: 0}
    m_Modifications:
    - target: {fileID: 1106863964246649872, guid: a2ca153d9d2b3924888d431b983e94b2,
        type: 3}
      propertyPath: m_LocalPosition.x
      value: 0
      objectReference: {fileID: 0}
    - target: {fileID: 1106863964246649872, guid: a2ca153d9d2b3924888d431b983e94b2,
        type: 3}
      propertyPath: m_LocalPosition.y
      value: 0.25
      objectReference: {fileID: 0}
    - target: {fileID: 1106863964246649872, guid: a2ca153d9d2b3924888d431b983e94b2,
        type: 3}
      propertyPath: m_LocalPosition.z
      value: 0
      objectReference: {fileID: 0}
    - target: {fileID: 1106863964246649872, guid: a2ca153d9d2b3924888d431b983e94b2,
        type: 3}
      propertyPath: m_LocalRotation.x
      value: 0
      objectReference: {fileID: 0}
    - target: {fileID: 1106863964246649872, guid: a2ca153d9d2b3924888d431b983e94b2,
        type: 3}
      propertyPath: m_LocalRotation.y
      value: 0
      objectReference: {fileID: 0}
    - target: {fileID: 1106863964246649872, guid: a2ca153d9d2b3924888d431b983e94b2,
        type: 3}
      propertyPath: m_LocalRotation.z
      value: 0
      objectReference: {fileID: 0}
    - target: {fileID: 1106863964246649872, guid: a2ca153d9d2b3924888d431b983e94b2,
        type: 3}
      propertyPath: m_LocalRotation.w
      value: 1
      objectReference: {fileID: 0}
    - target: {fileID: 1106863964246649872, guid: a2ca153d9d2b3924888d431b983e94b2,
        type: 3}
      propertyPath: m_RootOrder
      value: 5
      objectReference: {fileID: 0}
    - target: {fileID: 1106863964246649872, guid: a2ca153d9d2b3924888d431b983e94b2,
        type: 3}
      propertyPath: m_LocalEulerAnglesHint.x
      value: 0
      objectReference: {fileID: 0}
    - target: {fileID: 1106863964246649872, guid: a2ca153d9d2b3924888d431b983e94b2,
        type: 3}
      propertyPath: m_LocalEulerAnglesHint.y
      value: 0
      objectReference: {fileID: 0}
    - target: {fileID: 1106863964246649872, guid: a2ca153d9d2b3924888d431b983e94b2,
        type: 3}
      propertyPath: m_LocalEulerAnglesHint.z
      value: 0
      objectReference: {fileID: 0}
    - target: {fileID: 1106863964246649884, guid: a2ca153d9d2b3924888d431b983e94b2,
        type: 3}
      propertyPath: m_Name
      value: Player
      objectReference: {fileID: 0}
    m_RemovedComponents: []
  m_SourcePrefab: {fileID: 100100000, guid: a2ca153d9d2b3924888d431b983e94b2, type: 3}
--- !u!1001 &3341702192168455762
PrefabInstance:
  m_ObjectHideFlags: 0
  serializedVersion: 2
  m_Modification:
    m_TransformParent: {fileID: 0}
    m_Modifications:
    - target: {fileID: 3341702192451190533, guid: 55b71208b707a5546a611c1de7c3fbf1,
        type: 3}
      propertyPath: m_Name
      value: EndTrigger
      objectReference: {fileID: 0}
    - target: {fileID: 3341702192451190537, guid: 55b71208b707a5546a611c1de7c3fbf1,
        type: 3}
      propertyPath: m_LocalPosition.x
      value: 0
      objectReference: {fileID: 0}
    - target: {fileID: 3341702192451190537, guid: 55b71208b707a5546a611c1de7c3fbf1,
        type: 3}
      propertyPath: m_LocalPosition.y
      value: 1.5
      objectReference: {fileID: 0}
    - target: {fileID: 3341702192451190537, guid: 55b71208b707a5546a611c1de7c3fbf1,
        type: 3}
      propertyPath: m_LocalPosition.z
      value: 140
      objectReference: {fileID: 0}
    - target: {fileID: 3341702192451190537, guid: 55b71208b707a5546a611c1de7c3fbf1,
        type: 3}
      propertyPath: m_LocalRotation.x
      value: 0
      objectReference: {fileID: 0}
    - target: {fileID: 3341702192451190537, guid: 55b71208b707a5546a611c1de7c3fbf1,
        type: 3}
      propertyPath: m_LocalRotation.y
      value: 0
      objectReference: {fileID: 0}
    - target: {fileID: 3341702192451190537, guid: 55b71208b707a5546a611c1de7c3fbf1,
        type: 3}
      propertyPath: m_LocalRotation.z
      value: 0
      objectReference: {fileID: 0}
    - target: {fileID: 3341702192451190537, guid: 55b71208b707a5546a611c1de7c3fbf1,
        type: 3}
      propertyPath: m_LocalRotation.w
      value: 1
      objectReference: {fileID: 0}
    - target: {fileID: 3341702192451190537, guid: 55b71208b707a5546a611c1de7c3fbf1,
        type: 3}
      propertyPath: m_RootOrder
      value: 16
      objectReference: {fileID: 0}
    - target: {fileID: 3341702192451190537, guid: 55b71208b707a5546a611c1de7c3fbf1,
        type: 3}
      propertyPath: m_LocalEulerAnglesHint.x
      value: 0
      objectReference: {fileID: 0}
    - target: {fileID: 3341702192451190537, guid: 55b71208b707a5546a611c1de7c3fbf1,
        type: 3}
      propertyPath: m_LocalEulerAnglesHint.y
      value: 0
      objectReference: {fileID: 0}
    - target: {fileID: 3341702192451190537, guid: 55b71208b707a5546a611c1de7c3fbf1,
        type: 3}
      propertyPath: m_LocalEulerAnglesHint.z
      value: 0
      objectReference: {fileID: 0}
    - target: {fileID: 3341702192451190542, guid: 55b71208b707a5546a611c1de7c3fbf1,
        type: 3}
      propertyPath: gameManager
      value: 
      objectReference: {fileID: 1797044685}
    m_RemovedComponents: []
  m_SourcePrefab: {fileID: 100100000, guid: 55b71208b707a5546a611c1de7c3fbf1, type: 3}
--- !u!1001 &3789919245510173512
PrefabInstance:
  m_ObjectHideFlags: 0
  serializedVersion: 2
  m_Modification:
    m_TransformParent: {fileID: 0}
    m_Modifications:
    - target: {fileID: 3789919244281147950, guid: 2cca95334abcc9a4ebd401e069cdd02b,
        type: 3}
      propertyPath: player
      value: 
      objectReference: {fileID: 141435817}
    - target: {fileID: 3789919246054305664, guid: 2cca95334abcc9a4ebd401e069cdd02b,
        type: 3}
      propertyPath: m_LocalPosition.x
      value: 0
      objectReference: {fileID: 0}
    - target: {fileID: 3789919246054305664, guid: 2cca95334abcc9a4ebd401e069cdd02b,
        type: 3}
      propertyPath: m_LocalPosition.y
      value: 0
      objectReference: {fileID: 0}
    - target: {fileID: 3789919246054305664, guid: 2cca95334abcc9a4ebd401e069cdd02b,
        type: 3}
      propertyPath: m_LocalPosition.z
      value: 0
      objectReference: {fileID: 0}
    - target: {fileID: 3789919246054305664, guid: 2cca95334abcc9a4ebd401e069cdd02b,
        type: 3}
      propertyPath: m_LocalRotation.x
      value: 0
      objectReference: {fileID: 0}
    - target: {fileID: 3789919246054305664, guid: 2cca95334abcc9a4ebd401e069cdd02b,
        type: 3}
      propertyPath: m_LocalRotation.y
      value: 0
      objectReference: {fileID: 0}
    - target: {fileID: 3789919246054305664, guid: 2cca95334abcc9a4ebd401e069cdd02b,
        type: 3}
      propertyPath: m_LocalRotation.z
      value: 0
      objectReference: {fileID: 0}
    - target: {fileID: 3789919246054305664, guid: 2cca95334abcc9a4ebd401e069cdd02b,
        type: 3}
      propertyPath: m_LocalRotation.w
      value: 1
      objectReference: {fileID: 0}
    - target: {fileID: 3789919246054305664, guid: 2cca95334abcc9a4ebd401e069cdd02b,
        type: 3}
      propertyPath: m_RootOrder
      value: 14
      objectReference: {fileID: 0}
    - target: {fileID: 3789919246054305664, guid: 2cca95334abcc9a4ebd401e069cdd02b,
        type: 3}
      propertyPath: m_LocalEulerAnglesHint.x
      value: 0
      objectReference: {fileID: 0}
    - target: {fileID: 3789919246054305664, guid: 2cca95334abcc9a4ebd401e069cdd02b,
        type: 3}
      propertyPath: m_LocalEulerAnglesHint.y
      value: 0
      objectReference: {fileID: 0}
    - target: {fileID: 3789919246054305664, guid: 2cca95334abcc9a4ebd401e069cdd02b,
        type: 3}
      propertyPath: m_LocalEulerAnglesHint.z
      value: 0
      objectReference: {fileID: 0}
    - target: {fileID: 3789919246054305664, guid: 2cca95334abcc9a4ebd401e069cdd02b,
        type: 3}
      propertyPath: m_AnchoredPosition.x
      value: 0
      objectReference: {fileID: 0}
    - target: {fileID: 3789919246054305664, guid: 2cca95334abcc9a4ebd401e069cdd02b,
        type: 3}
      propertyPath: m_AnchoredPosition.y
      value: 0
      objectReference: {fileID: 0}
    - target: {fileID: 3789919246054305664, guid: 2cca95334abcc9a4ebd401e069cdd02b,
        type: 3}
      propertyPath: m_SizeDelta.x
      value: 0
      objectReference: {fileID: 0}
    - target: {fileID: 3789919246054305664, guid: 2cca95334abcc9a4ebd401e069cdd02b,
        type: 3}
      propertyPath: m_SizeDelta.y
      value: 0
      objectReference: {fileID: 0}
    - target: {fileID: 3789919246054305664, guid: 2cca95334abcc9a4ebd401e069cdd02b,
        type: 3}
      propertyPath: m_AnchorMin.x
      value: 0
      objectReference: {fileID: 0}
    - target: {fileID: 3789919246054305664, guid: 2cca95334abcc9a4ebd401e069cdd02b,
        type: 3}
      propertyPath: m_AnchorMin.y
      value: 0
      objectReference: {fileID: 0}
    - target: {fileID: 3789919246054305664, guid: 2cca95334abcc9a4ebd401e069cdd02b,
        type: 3}
      propertyPath: m_AnchorMax.x
      value: 0
      objectReference: {fileID: 0}
    - target: {fileID: 3789919246054305664, guid: 2cca95334abcc9a4ebd401e069cdd02b,
        type: 3}
      propertyPath: m_AnchorMax.y
      value: 0
      objectReference: {fileID: 0}
    - target: {fileID: 3789919246054305664, guid: 2cca95334abcc9a4ebd401e069cdd02b,
        type: 3}
      propertyPath: m_Pivot.x
      value: 0
      objectReference: {fileID: 0}
    - target: {fileID: 3789919246054305664, guid: 2cca95334abcc9a4ebd401e069cdd02b,
        type: 3}
      propertyPath: m_Pivot.y
      value: 0
      objectReference: {fileID: 0}
    - target: {fileID: 3789919246054305676, guid: 2cca95334abcc9a4ebd401e069cdd02b,
        type: 3}
      propertyPath: m_Name
      value: Canvas
      objectReference: {fileID: 0}
    m_RemovedComponents: []
  m_SourcePrefab: {fileID: 100100000, guid: 2cca95334abcc9a4ebd401e069cdd02b, type: 3}
--- !u!1001 &4620997622839970522
PrefabInstance:
  m_ObjectHideFlags: 0
  serializedVersion: 2
  m_Modification:
    m_TransformParent: {fileID: 0}
    m_Modifications:
    - target: {fileID: 4620997622954731435, guid: 0d8de2bd1bc089d4ca95a4cd39c63ff5,
        type: 3}
      propertyPath: m_Name
      value: Main Camera
      objectReference: {fileID: 0}
    - target: {fileID: 4620997622954731438, guid: 0d8de2bd1bc089d4ca95a4cd39c63ff5,
        type: 3}
      propertyPath: m_LocalPosition.x
      value: 0
      objectReference: {fileID: 0}
    - target: {fileID: 4620997622954731438, guid: 0d8de2bd1bc089d4ca95a4cd39c63ff5,
        type: 3}
      propertyPath: m_LocalPosition.y
      value: 1.8700001
      objectReference: {fileID: 0}
    - target: {fileID: 4620997622954731438, guid: 0d8de2bd1bc089d4ca95a4cd39c63ff5,
        type: 3}
      propertyPath: m_LocalPosition.z
      value: -6.75
      objectReference: {fileID: 0}
    - target: {fileID: 4620997622954731438, guid: 0d8de2bd1bc089d4ca95a4cd39c63ff5,
        type: 3}
      propertyPath: m_LocalRotation.x
      value: -0
      objectReference: {fileID: 0}
    - target: {fileID: 4620997622954731438, guid: 0d8de2bd1bc089d4ca95a4cd39c63ff5,
        type: 3}
      propertyPath: m_LocalRotation.y
      value: -0
      objectReference: {fileID: 0}
    - target: {fileID: 4620997622954731438, guid: 0d8de2bd1bc089d4ca95a4cd39c63ff5,
        type: 3}
      propertyPath: m_LocalRotation.z
      value: -0
      objectReference: {fileID: 0}
    - target: {fileID: 4620997622954731438, guid: 0d8de2bd1bc089d4ca95a4cd39c63ff5,
        type: 3}
      propertyPath: m_LocalRotation.w
      value: 1
      objectReference: {fileID: 0}
    - target: {fileID: 4620997622954731438, guid: 0d8de2bd1bc089d4ca95a4cd39c63ff5,
        type: 3}
      propertyPath: m_RootOrder
      value: 4
      objectReference: {fileID: 0}
    - target: {fileID: 4620997622954731438, guid: 0d8de2bd1bc089d4ca95a4cd39c63ff5,
        type: 3}
      propertyPath: m_LocalEulerAnglesHint.x
      value: 0
      objectReference: {fileID: 0}
    - target: {fileID: 4620997622954731438, guid: 0d8de2bd1bc089d4ca95a4cd39c63ff5,
        type: 3}
      propertyPath: m_LocalEulerAnglesHint.y
      value: 0
      objectReference: {fileID: 0}
    - target: {fileID: 4620997622954731438, guid: 0d8de2bd1bc089d4ca95a4cd39c63ff5,
        type: 3}
      propertyPath: m_LocalEulerAnglesHint.z
      value: 0
      objectReference: {fileID: 0}
    - target: {fileID: 4620997622954731439, guid: 0d8de2bd1bc089d4ca95a4cd39c63ff5,
        type: 3}
      propertyPath: player
      value: 
      objectReference: {fileID: 141435817}
    m_RemovedComponents: []
  m_SourcePrefab: {fileID: 100100000, guid: 0d8de2bd1bc089d4ca95a4cd39c63ff5, type: 3}
--- !u!1001 &4740794120320703125
PrefabInstance:
  m_ObjectHideFlags: 0
  serializedVersion: 2
  m_Modification:
    m_TransformParent: {fileID: 0}
    m_Modifications:
    - target: {fileID: 4740794118826189656, guid: d1d732124f98a5d4fadd65c3c8b49590,
        type: 3}
      propertyPath: completeLevelUI
      value: 
      objectReference: {fileID: 1989274063}
    - target: {fileID: 4740794118826189657, guid: d1d732124f98a5d4fadd65c3c8b49590,
        type: 3}
      propertyPath: m_LocalPosition.x
      value: 0
      objectReference: {fileID: 0}
    - target: {fileID: 4740794118826189657, guid: d1d732124f98a5d4fadd65c3c8b49590,
        type: 3}
      propertyPath: m_LocalPosition.y
      value: 0
      objectReference: {fileID: 0}
    - target: {fileID: 4740794118826189657, guid: d1d732124f98a5d4fadd65c3c8b49590,
        type: 3}
      propertyPath: m_LocalPosition.z
      value: 0
      objectReference: {fileID: 0}
    - target: {fileID: 4740794118826189657, guid: d1d732124f98a5d4fadd65c3c8b49590,
        type: 3}
      propertyPath: m_LocalRotation.x
      value: 0
      objectReference: {fileID: 0}
    - target: {fileID: 4740794118826189657, guid: d1d732124f98a5d4fadd65c3c8b49590,
        type: 3}
      propertyPath: m_LocalRotation.y
      value: 0
      objectReference: {fileID: 0}
    - target: {fileID: 4740794118826189657, guid: d1d732124f98a5d4fadd65c3c8b49590,
        type: 3}
      propertyPath: m_LocalRotation.z
      value: 0
      objectReference: {fileID: 0}
    - target: {fileID: 4740794118826189657, guid: d1d732124f98a5d4fadd65c3c8b49590,
        type: 3}
      propertyPath: m_LocalRotation.w
      value: 1
      objectReference: {fileID: 0}
    - target: {fileID: 4740794118826189657, guid: d1d732124f98a5d4fadd65c3c8b49590,
        type: 3}
      propertyPath: m_RootOrder
      value: 0
      objectReference: {fileID: 0}
    - target: {fileID: 4740794118826189657, guid: d1d732124f98a5d4fadd65c3c8b49590,
        type: 3}
      propertyPath: m_LocalEulerAnglesHint.x
      value: 0
      objectReference: {fileID: 0}
    - target: {fileID: 4740794118826189657, guid: d1d732124f98a5d4fadd65c3c8b49590,
        type: 3}
      propertyPath: m_LocalEulerAnglesHint.y
      value: 0
      objectReference: {fileID: 0}
    - target: {fileID: 4740794118826189657, guid: d1d732124f98a5d4fadd65c3c8b49590,
        type: 3}
      propertyPath: m_LocalEulerAnglesHint.z
      value: 0
      objectReference: {fileID: 0}
    - target: {fileID: 4740794118826189662, guid: d1d732124f98a5d4fadd65c3c8b49590,
        type: 3}
      propertyPath: m_Name
      value: GameManager
      objectReference: {fileID: 0}
    m_RemovedComponents: []
  m_SourcePrefab: {fileID: 100100000, guid: d1d732124f98a5d4fadd65c3c8b49590, type: 3}
